<?xml version="1.0" encoding="UTF-8"?><collection xmlns="http://www.loc.gov/MARC21/slim"><record><leader>00440nam--2200145-i-4500</leader><controlfield tag="001">000011254</controlfield><controlfield tag="002">20161230</controlfield><controlfield tag="005">20161230201029</controlfield><controlfield tag="008">060222s1000------------r-----000-0-eng-d</controlfield><datafield ind1=" " ind2=" " tag="080"><subfield code="a">539.123(047)</subfield></datafield><datafield ind1=" " ind2=" " tag="100"><subfield code="a">Adler, Stephen L</subfield></datafield><datafield ind1=" " ind2=" " tag="245"><subfield code="a">Accelerator neutrino physics, present and future - a review for theorists and experimen talists</subfield></datafield><datafield ind1=" " ind2=" " tag="260"><subfield code="a">Princeton, Institute For Advanced Study, 1974 53 P</subfield></datafield><datafield ind1=" " ind2=" " tag="490"><subfield code="a">74/39 - Thy</subfield></datafield><datafield ind1=" " ind2=" " tag="852"><subfield code="a">60097</subfield></datafield></record></collection>